% This file was created with JabRef 2.10.
% Encoding: UTF-8

@Article{DBLP:journals/corr/abs-1807-00971,
  author    = {Eugene Siow and
               Thanassis Tiropanis and
               Wendy Hall},
  title     = {Analytics for the Internet of Things: {A} Survey},
  journal   = {CoRR},
  volume    = {abs/1807.00971},
  year      = {2018},
  url       = {http://arxiv.org/abs/1807.00971},
  timestamp = {2018.08.13},
  biburl    = {https://dblp.org/rec/bib/journals/corr/abs-1807-00971},
  bibsource = {dblp computer science bibliography, https://dblp.org}
}
@book{cooper_2005, place={Tolland, CT}, title={Practical Process Control Using Loop-Pro Software}, publisher={Control Station, Inc. }, author={Cooper, Doug}, year={2005}}

@misc{mqttrss, title={[Online] MQTT, http://mqtt.org}, url={http://mqtt.org/}}